@INPROCEEDINGS{LazyUpdate,
author={S. T. On and H. Hu and Y. Li and J. Xu},
booktitle={2009 Tenth International Conference on Mobile Data Management: Systems, Services and Middleware},
title={Lazy-Update B+-Tree for Flash Devices},
year={2009},
pages={323-328},
keywords={flash memories;tree data structures;asymmetric read-write cost;erase-before-write constraint;flash device;flash memory;flash-aware indexing technique;heuristic-based commit policy;lazy-update B+-tree-new indexing method;main memory;victim selection problem;Algorithm design and analysis;Computer science;Conference management;Costs;Electric shock;Flash memory;Hard disks;Indexing;Middleware;Mobile computing;B+-tree;Flash Memory;Indexing},
doi={10.1109/MDM.2009.48},
ISSN={1551-6245},
month={May},}

@report{JFFS3,
	type = {Standard},
	year = {2005},
	title = {JFFS3 design issues},
	author = {Artem B. Bityuckiy},
}

@report{JFFS3ex,
	type = {Standard},
	year = {2006},
	title = {JFFS3 plan extension},
	author = {Ferenc Havasi and Zoltán Sógor and Mátyás Majzik},
}

@manual{jsf++,
    author = {Lockheed Martin Corporation},
    title = {Joint Strike Fighter Air Vehicle C++ Coding Standards},
    number = {2RDU00001},
    volume = {C},
    year = 2005,
    month = 12,
}

@report{c90,
	type = {Standard},
	number = {ISO/IEC 9899:1990},
	year = {1990},
	title = {Programming Languages -- C},
	volume = {1990},
	address = {Geneva, CH},
	institution = {International Organization for Standardization}
}

@report{c99,
	type = {Standard},
	number = {ISO/IEC 9899:1999},
	year = {1999},
	title = {Programming Languages -- C},
	volume = {1999},
	address = {Geneva, CH},
	institution = {International Organization for Standardization}
}

@report{c++03,
	type = {Standard},
	number = {ISO/IEC 14882:2003(E)},
	year = {2003},
	title = {Programming Languages -- C++},
	volume = {2003},
	address = {Geneva, CH},
	institution = {International Organization for Standardization}
}

@report{c++11,
	type = {Standard},
	number = {ISO/IEC 14882:2011(E)},
	year = {2012},
	title = {Programming Languages -- C++},
	volume = {2011},
	address = {Geneva, CH},
	institution = {International Organization for Standardization},
	remark = {Revises ISO/IEC 14882:2003},
}

@report{ieee754,
	type = {Standard},
	number = {ANSI/IEEE Std 754-1985},
	year = {1985},
	title = {IEEE Standard for Binary Floating-Point Arithmetic for microprocessor systems},
	institution = {Institute of Electrical and Electronics Engineers}
}

@book{stroustrup-c++,
	author = {Bjarne Stroustrup},
	title = {The C++ Programming Language},
	edition = 3,
	year = 2000,
	publisher = {Addison-Wesley},
}

@report{esa-c++,
	type = {Standard},
	author = {ESA},
	institution = {ESA},
	key = {ESA BSSC(2000)1},
	year = 2000,
	title = {C and C++ Coding Standard},
	volume = {Issue 1, Rev. 0}, 
}

@book{effc++,
	title = {Effective C++: 55 Specific Ways to Improve Your Programs and Designs},
	author = {Scott Meyers},
	isbn = {9780321334879},
	series = {Addison-Wesley professional computing series},
	edition = 2,
	year = 2005,
	publisher = {Addison-Wesley},
}

@book{more-effc++,
	title = {More Effective C++: 35 New Ways to Improve Your Programs and Designs},
	author = {Scott Meyers},
	series = {Addison-Wesley professional computing series},
	edition = 2,
	year = 1996,
	publisher = {Addison-Wesley},
}

@online{c++-glossary,
	url = {http://www.stroustrup.com/glossary.html},
	author = {Bjarne Stroustrup},
	title = {Bjarne Stroustrup's C++ Glossary},
	date = {2012-10-03},
}

@online{c++-faq,
	url = {http://www.stroustrup.com/bs_faq2.html},
	author = {Bjarne Stroustrup},
	title = {Bjarne Stroustrup's C++ Style and Technique FAQ},
	date = {2014-06-08},
}

@manual{misra-c,
    author = {Motor Industry Software Reliability Association},
    title = {Guidelines for the Use of the C Language in Vehicle Based Software},
    institution = {Motor Industry Software Reliability Association},
    year = 1998,
    month = 4,
	isbn = {0-9524159-9-0},
}

@article{liskov-dataabstraction,
	author = {Barbara Liskov},
	title = {Keynote address -- data abstraction and hierarchy},
	journal = {j-SIGPLAN},
	volume = 23,
	number = 5,
	pages = {17--34},
	month = 5,
	year = 1987,
	doi = {10.1145/62139.62141},
}

@report{iso10646,
	type = {Standard},
	number = {ISO/IEC 10646-1},
	year = {1993},
	title = {Information technology -- Universal Multiple-Octet Coded Character Set (UCS) -- Part 1: Architecture and Basic Multilingual Plane},
	volume = {1993},
	address = {Geneva, CH},
	institution = {International Organization for Standardization},
}

@manual{avs:development,
	number = {AVS-DOC-TN-0010},
	author = {Avionic Systems},
	title = {Development Guide},
	institution = {Deutsches Zentrum für Luft- und Raumfahrt e.V.},
	volume = {0.1},
	date = {2014-08-22},
}

